#A

@article{cox-etal-2012,
    author = "Cox, W. A. and M. S. Pruett and T. J. Benson and J. C. Scott and F. R. Thompson",
    year =  2012,
    title = "Development of camera technology for monitoring nests",
    pages = "185-210",
    editor = "C. A. Ribic, F. R. Thompson III, and P. J. Pietz",
    journal  = "Video surveillance of nesting birds. Studies in Avian Biology",
    volume = 43,
    publisher = "University of California Press",
    address = "Berkeley, CA"
}

@article{ellis-felege-carroll-2012,
    author = "Ellis-Felege, S. N. and J. P. Carroll",
    year = 2012,
    title = "Gamebirds and nest cameras: present and future",
    pages = "35--44",
    editor = "C. A. Ribic, F. R. Thompson III, and P. J. Pietz",
    journal = "Video surveillance of nesting birds. Studies in Avian Biology",
    volume = 43,
    publisher = "University of California Press",
    address = "Berkeley, CA"
}



@inproceedings{desell_iccs_wildlife_2015,
    title = {On the Effectiveness of Crowd Sourcing Avian Nesting Video Analysis at {W}ildlife@{H}ome},
    author = {Travis Desell and Kyle Goehner and Alicia Andes and Rebecca Eckroad and Susan Ellis-Felege},
    booktitle = {The 15th International Conference on Computational Science},
    address = {Reykjav√≠k, Iceland},
    month = {June},
    day = {1-3},
    year = {2015}
}

@book{agrawal_1993_efficient,
    title={Efficient similarity search in sequence databases},
    author={Agrawal, Rakesh and Faloutsos, Christos and Swami, Arun},
    year={1993},
    publisher={Springer}
}

@inproceedings{anderson_2004_boinc,
    title={Boinc: A system for public-resource computing and storage},
    author={Anderson, David P},
    booktitle={Grid Computing, 2004. Proceedings. Fifth IEEE/ACM International Workshop on},
    pages={4--10},
    year={2004},
    organization={IEEE}
}

@incollection{andre_1997_using,
    title={Using signature files for querying time-series data},
    author={Andr{\'e}-J{\"o}nsson, Henrik and Badal, Dushan Z},
    booktitle={Principles of Data Mining and Knowledge Discovery},
    pages={211--220},
    year={1997},
    publisher={Springer}
}

@incollection{assfalg_2006_similarity,
    title={Similarity search on time series based on threshold queries},
    author={A{\ss}falg, Johannes and Kriegel, Hans-Peter and Kr{\"o}ger, Peer and Kunath, Peter and Pryakhin, Alexey and Renz, Matthias},
    booktitle={Advances in Database Technology-EDBT 2006},
    pages={276--294},
    year={2006},
    publisher={Springer}
}

#B

@article{barnich_2011_vibe,
    title={ViBe: A universal background subtraction algorithm for video sequences},
    author={Barnich, Olivier and Van Droogenbroeck, Marc},
    journal={Image Processing, IEEE Transactions on},
    volume={20},
    number={6},
    pages={1709--1724},
    year={2011},
    publisher={IEEE}
}

@incollection{bay_2006_surf,
    Author = {Bay, Herbert and Tuytelaars, Tinne and Van Gool, Luc},
    Booktitle = {Computer Vision--ECCV 2006},
    Pages = {404--417},
    Publisher = {Springer},
    Title = {Surf: Speeded up robust features},
    Year = {2006}
}

@article{bay_2008_speeded,
    title={Speeded-up robust features (SURF)},
    author={Bay, Herbert and Ess, Andreas and Tuytelaars, Tinne and Van Gool, Luc},
    journal={Computer vision and image understanding},
    volume={110},
    number={3},
    pages={346--359},
    year={2008},
    publisher={Elsevier}
}

@book{beck_2003_test,
    title={Test-driven development: by example},
    author={Beck, Kent},
    year={2003},
    publisher={Addison-Wesley Professional}
}

@book{beckmann_1990_r,
    title={The R*-tree: an efficient and robust access method for points and rectangles},
    author={Beckmann, Norbert and Kriegel, Hans-Peter and Schneider, Ralf and Seeger, Bernhard},
    volume={19},
    number={2},
    year={1990},
    publisher={ACM}
}

@inproceedings{berndt_1994_using,
    title={Using Dynamic Time Warping to Find Patterns in Time Series.},
    author={Berndt, Donald J and Clifford, James},
    booktitle={KDD workshop},
    volume={10},
    number={16},
    pages={359--370},
    year={1994},
    organization={Seattle, WA}
}

@article{bhattacharyya_1946_measure,
    title={On a measure of divergence between two multinomial populations},
    author={Bhattacharyya, Anil},
    journal={Sankhy{\=a}: The Indian Journal of Statistics},
    pages={401--406},
    year={1946},
    publisher={JSTOR}
}

@article{boom_2012_long,
    Author = {Boom, Bastiaan J and Huang, Phoenix X and Beyan, Cigdem and Spampinato, Concetto and Palazzo, Simone and He, Jiyin and Beauxis-Aussalet, Emmanuelle and Lin, Sun-In and Chou, Hsiu-Mei and Nadarajan, Gayathri and others},
    Journal = {VAIB12},
    Title = {Long-term underwater camera surveillance for monitoring and analysis of fish populations},
    Year = {2012}
}

@article{burges_1998_tutorial,
    Author = {Burges, Christopher JC},
    Journal = {Data mining and knowledge discovery},
    Number = {2},
    Pages = {121--167},
    Publisher = {Springer},
    Title = {A tutorial on support vector machines for pattern recognition},
    Volume = {2},
    Year = {1998}
}

#C

@inproceedings{cai_2004_indexing,
    title={Indexing spatio-temporal trajectories with Chebyshev polynomials},
    author={Cai, Yuhan and Ng, Raymond},
    booktitle={Proceedings of the 2004 ACM SIGMOD international conference on Management of data},
    pages={599--610},
    year={2004},
    organization={ACM}
}

@article{canny_1986_computational,
    title={A computational approach to edge detection},
    author={Canny, John},
    journal={Pattern Analysis and Machine Intelligence, IEEE Transactions on},
    number={6},
    pages={679--698},
    year={1986},
    publisher={IEEE}
}

@article{carpenter_2009_cusvm,
    Author = {Carpenter, AUSTIN},
    Journal = {patternsonscreen. net/cuSVMDesc. pdf},
    Title = {CUSVM: A CUDA implementation of support vector classification and regression},
    Year = {2009}
}

@inproceedings{catanzaro_2008_fast,
    Author = {Catanzaro, Bryan and Sundaram, Narayanan and Keutzer, Kurt},
    Booktitle = {Proceedings of the 25th international conference on Machine learning},
    Organization = {ACM},
    Pages = {104--111},
    Title = {Fast support vector machine training and classification on graphics processors},
    Year = {2008}
}

@inproceedings{chan_1999_efficient,
    title={Efficient time series matching by wavelets},
    author={Chan, Kin-Pong and Fu, AW-C},
    booktitle={Data Engineering, 1999. Proceedings., 15th International Conference on},
    pages={126--133},
    year={1999},
    organization={IEEE}
}

@inproceedings{chang_2007_psvm,
    Author = {Edward Y. Chang and Kaihua Zhu and Hao Wang and Hongjie Bai and Jian Li and Zhihuan Qiu and Hang Cui},
    Booktitle = {NIPS},
    Note = {Software available at \url{http://code.google.com/p/psvm}},
    Title = {PSVM: Parallelizing Support Vector Machines on Distributed Computers},
    Year = {2007}
}

@article{chang_2011_libsvm,
    author = {Chang, Chih-Chung and Lin, Chih-Jen},
    title = {{LIBSVM}: A library for support vector machines},
    journal = {ACM Transactions on Intelligent Systems and Technology},
    volume = {2},
    issue = {3},
    year = {2011},
    pages = {27:1--27:27},
    note = {Software available at \url{http://www.csie.ntu.edu.tw/~cjlin/libsvm}}
}

@techreport{chen_2003_robust,
    title={Robust and efficient similarity search for moving object trajectories},
    author={Chen, L and {\"O}zsu, MT and Oria, V},
    year={2003},
    institution={CS Tech. Report. CS-2003-30, School of Computer Science, University of Waterloo}
}

@inproceedings{chen_2004_marriage,
    title={On the marriage of lp-norms and edit distance},
    author={Chen, Lei and Ng, Raymond},
    booktitle={Proceedings of the Thirtieth international conference on Very large data bases-Volume 30},
    pages={792--803},
    year={2004},
    organization={VLDB Endowment}
}

@inproceedings{chen_2005_robust,
    title={Robust and fast similarity search for moving object trajectories},
    author={Chen, Lei and {\"O}zsu, M Tamer and Oria, Vincent},
    booktitle={Proceedings of the 2005 ACM SIGMOD international conference on Management of data},
    pages={491--502},
    year={2005},
    organization={ACM}
}

@inproceedings{chen_2007_spade,
    title={Spade: On shape-based pattern detection in streaming time series},
    author={Chen, Yueguo and Nascimento, Mario A and Ooi, Beng Chin and Tung, A},
    booktitle={Data Engineering, 2007. ICDE 2007. IEEE 23rd International Conference on},
    pages={786--795},
    year={2007},
    organization={IEEE}
}

@inproceedings{chu_2006_map,
    Author = {Chu, Cheng-Tao and Kim, Sang Kyun and Lin, Yi-An and Yu, YuanYuan and Bradski, Gary and Ng, Andrew Y and Olukotun, Kunle},
    Booktitle = {NIPS},
    Pages = {281--288},
    Title = {Map-reduce for machine learning on multicore},
    Volume = {6},
    Year = {2006}
}

@inproceedings{ciresan_2011_flexible,
    title={Flexible, high performance convolutional neural networks for image classification},
    author={Ciresan, Dan C and Meier, Ueli and Masci, Jonathan and Maria Gambardella, Luca and Schmidhuber, J{\"u}rgen},
    booktitle={IJCAI Proceedings-International Joint Conference on Artificial Intelligence},
    volume={22},
    number={1},
    pages={1237},
    year={2011}
}

@article{comer_1979_ubiquitous,
    title={Ubiquitous B-tree},
    author={Comer, Douglas},
    journal={ACM Computing Surveys (CSUR)},
    volume={11},
    number={2},
    pages={121--137},
    year={1979},
    publisher={ACM}
}

@article{cucchiara_2003_detecting,
    title={Detecting moving objects, ghosts, and shadows in video streams},
    author={Cucchiara, Rita and Grana, Costantino and Piccardi, Massimo and Prati, Andrea},
    journal={Pattern Analysis and Machine Intelligence, IEEE Transactions on},
    volume={25},
    number={10},
    pages={1337--1342},
    year={2003},
    publisher={IEEE}
}

#D

@inproceedings{dalal_2005_histograms,
    title={Histograms of oriented gradients for human detection},
    author={Dalal, Navneet and Triggs, Bill},
    booktitle={Computer Vision and Pattern Recognition, 2005. CVPR 2005. IEEE Computer Society Conference on},
    volume={1},
    pages={886--893},
    year={2005},
    organization={IEEE}
}

@article{dean_2008_mapreduce,
    Author = {Dean, Jeffrey and Ghemawat, Sanjay},
    Journal = {Communications of the ACM},
    Number = {1},
    Pages = {107--113},
    Publisher = {ACM},
    Title = {MapReduce: simplified data processing on large clusters},
    Volume = {51},
    Year = {2008}
}

@inproceedings{desell_2013_wildlife,
    Author = {Desell, Travis and Bergman, Robert and Goehner, Kyle and Marsh, Ronald and VanderClute, Rebecca and Ellis-Felege, Susan},
    Booktitle = {eScience (eScience), 2013 IEEE 9th International Conference on},
    Organization = {IEEE},
    Pages = {107--115},
    Title = {Wildlife@{H}ome: Combining Crowd Sourcing and Volunteer Computing to Analyze Avian Nesting Video},
    Year = {2013}
}

@article{ding_2008_querying,
    title={Querying and mining of time series data: experimental comparison of representations and distance measures},
    author={Ding, Hui and Trajcevski, Goce and Scheuermann, Peter and Wang, Xiaoyue and Keogh, Eamonn},
    journal={Proceedings of the VLDB Endowment},
    volume={1},
    number={2},
    pages={1542--1552},
    year={2008},
    publisher={VLDB Endowment}
}

#E

@incollection{elgammal_2000_non,
    title={Non-parametric model for background subtraction},
    author={Elgammal, Ahmed and Harwood, David and Davis, Larry},
    booktitle={Computer Vision‚ÄîECCV 2000},
    pages={751--767},
    year={2000},
    publisher={Springer}
}

#F

@book{faloutsos_1994_fast,
    title={Fast subsequence matching in time-series databases},
    author={Faloutsos, Christos and Ranganathan, Mudumbai and Manolopoulos, Yannis},
    volume={23},
    number={2},
    year={1994},
    publisher={ACM}
}

@article{fan_2013_pedestrian,
    Author = {Fan, Xue and Mittal, Shubham and Prasad, Twisha and Saurabh, Suraj and Shin, Hyunchul},
    Journal = {Journal of Communication and Computer},
    Pages = {960--966},
    Title = {Pedestrian Detection and Tracking Using Deformable Part Models and Kalman Filtering},
    Volume = {10},
    Year = {2013}
}

@article{faro_2011_adaptive,
    title={Adaptive background modeling integrated with luminosity sensors and occlusion processing for reliable vehicle detection},
    author={Faro, Alberto and Giordano, Daniela and Spampinato, Concetto},
    journal={Intelligent Transportation Systems, IEEE Transactions on},
    volume={12},
    number={4},
    pages={1398--1412},
    year={2011},
    publisher={IEEE}
}

@inproceedings{frentzos_2007_index,
    title={Index-based most similar trajectory search},
    author={Frentzos, Elias and Gratsias, Kostas and Theodoridis, Yannis},
    booktitle={Data Engineering, 2007. ICDE 2007. IEEE 23rd International Conference on},
    pages={816--825},
    year={2007},
    organization={IEEE}
}

#G

@inproceedings{gao_2010_improved,
    title={An improved Sobel edge detection},
    author={Gao, Wenshuo and Zhang, Xiaoguang and Yang, Lei and Liu, Huizhong},
    booktitle={Computer Science and Information Technology (ICCSIT), 2010 3rd IEEE International Conference on},
    volume={5},
    pages={67--71},
    year={2010},
    organization={IEEE}
}

@online{google_2015_charts,
    title={Google Charts},
    author={{Google Inc}},
    year={2015},
    url={http://developers.google.com/chart/},
    urldate={2015-3}
}

@inproceedings{graf_2004_parallel,
    Author = {Graf, Hans Peter and Cosatto, Eric and Bottou, Leon and Durdanovic, Igor and Vapnik, Vladimir},
    Booktitle = {NIPS},
    Pages = {521--528},
    Title = {Parallel Support Vector Machines: The Cascade SVM.},
    Year = {2004}
}

#H

@article{heikkila_2004_real,
    title={A real-time system for monitoring of cyclists and pedestrians},
    author={Heikkil{\"a}, Janne and Silv{\'e}n, Olli},
    journal={Image and Vision Computing},
    volume={22},
    number={7},
    pages={563--570},
    year={2004},
    publisher={Elsevier}
}

@article{hinton_2012_improving,
    title={Improving neural networks by preventing co-adaptation of feature detectors},
    author={Hinton, Geoffrey E and Srivastava, Nitish and Krizhevsky, Alex and Sutskever, Ilya and Salakhutdinov, Ruslan R},
    journal={arXiv preprint arXiv:1207.0580},
    year={2012}
}

@inproceedings{hofmann_2012_background,
    title={Background segmentation with feedback: The pixel-based adaptive segmenter},
    author={Hofmann, Martin and Tiefenbacher, Philipp and Rigoll, Gerhard},
    booktitle={Computer Vision and Pattern Recognition Workshops (CVPRW), 2012 IEEE Computer Society Conference on},
    pages={38--43},
    year={2012},
    organization={IEEE}
}

#I
#J

@article{jobson_1997_multiscale,
    title={A multiscale retinex for bridging the gap between color images and the human observation of scenes},
    author={Jobson, Daniel J and Rahman, Z-U and Woodell, Glenn A},
    journal={Image Processing, IEEE Transactions on},
    volume={6},
    number={7},
    pages={965--976},
    year={1997},
    publisher={IEEE}
}

#K

@article{keogh_2001_locally,
    title={Locally adaptive dimensionality reduction for indexing large time series databases},
    author={Keogh, Eamonn and Chakrabarti, Kaushik and Pazzani, Michael and Mehrotra, Sharad},
    journal={ACM SIGMOD Record},
    volume={30},
    number={2},
    pages={151--162},
    year={2001},
    publisher={ACM}
}

@article{kim_2005_real,
    title={Real-time foreground--background segmentation using codebook model},
    author={Kim, Kyungnam and Chalidabhongse, Thanarat H and Harwood, David and Davis, Larry},
    journal={Real-time imaging},
    volume={11},
    number={3},
    pages={172--185},
    year={2005},
    publisher={Elsevier}
}

@incollection{ko_2008_background,
    title={Background subtraction on distributions},
    author={Ko, Teresa and Soatto, Stefano and Estrin, Deborah},
    booktitle={Computer Vision--ECCV 2008},
    pages={276--289},
    year={2008},
    publisher={Springer}
}

@inproceedings{ko_2010_warping,
    author={Teresa Ko and Stefano Soatto and Deborah Estrin},
    title={Warping background subtraction},
    booktitle={Computer Vision and Pattern Recognition (CVPR), 2010 IEEE Conference on},
    pages={1331--1338},
    year={2010},
    organization={IEEE}
}

@inproceedings{koller_1994_towards,
    title={Towards robust automatic traffic scene analysis in real-time},
    author={Koller, Dieter and Weber, J and Huang, T and Malik, J and Ogasawara, G and Rao, B and Russell, S},
    booktitle={Pattern Recognition, 1994. Vol. 1-Conference A: Computer Vision \&amp; Image Processing., Proceedings of the 12th IAPR International Conference on},
    volume={1},
    pages={126--131},
    year={1994},
    organization={IEEE}
}

@article{korn_1997_efficiently,
    title={Efficiently supporting ad hoc queries in large datasets of time sequences},
    author={Korn, Flip and Jagadish, Hosagrahar V and Faloutsos, Christos},
    journal={ACM SIGMOD Record},
    volume={26},
    number={2},
    pages={289--300},
    year={1997},
    publisher={ACM}
}

@inproceedings{krizhevsky_2012_imagenet,
    title={Imagenet classification with deep convolutional neural networks},
    author={Krizhevsky, Alex and Sutskever, Ilya and Hinton, Geoffrey E},
    booktitle={Advances in neural information processing systems},
    pages={1097--1105},
    year={2012}
}

#L

@article{land_1971_lightness,
    title={Lightness and retinex theory},
    author={Land, Edwin H and McCann, John},
    journal={JOSA},
    volume={61},
    number={1},
    pages={1--11},
    year={1971},
    publisher={Optical Society of America}
}

@article{lin_2007_experiencing,
    title={Experiencing SAX: a novel symbolic representation of time series},
    author={Lin, Jessica and Keogh, Eamonn and Wei, Li and Lonardi, Stefano},
    journal={Data Mining and Knowledge Discovery},
    volume={15},
    number={2},
    pages={107--144},
    year={2007},
    publisher={Springer}
}

@inproceedings{lowe_1999_object,
    title={Object recognition from local scale-invariant features},
    author={Lowe, David G},
    booktitle={Computer vision, 1999. The proceedings of the seventh IEEE international conference on},
    volume={2},
    pages={1150--1157},
    year={1999},
    organization={Ieee}
}

#M

@article{maddalena_2008_self,
    title={A self-organizing approach to background subtraction for visual surveillance applications},
    author={Maddalena, Lucia and Petrosino, Alfredo},
    journal={Image Processing, IEEE Transactions on},
    volume={17},
    number={7},
    pages={1168--1177},
    year={2008},
    publisher={IEEE}
}

@article{mcivor_2000_background,
    title={Background subtraction techniques},
    author={McIvor, Alan M},
    journal={Proc. of Image and Vision Computing},
    volume={4},
    pages={3099--3104},
    year={2000},
    publisher={Auckland, New Zealand}
}

@inproceedings{morse_2007_efficient,
    title={An efficient and accurate method for evaluating time series similarity},
    author={Morse, Michael D and Patel, Jignesh M},
    booktitle={Proceedings of the 2007 ACM SIGMOD international conference on Management of data},
    pages={569--580},
    year={2007},
    organization={ACM}
}

#N

@url{nvidia_2014_cuda,
    Author = {Nvidia},
    Date-Added = {2014-03-12 02:59:44 +0000},
    Date-Modified = {2014-03-12 03:04:58 +0000},
    Lastchecked = {2014},
    Title = {Cuda},
    Urldate = {http://nvidia.com/cuda}
}

#O

@article{opencv_library,
    title = {OpenCV},
    author = {Bradski, G.},
    citeulike-article-id = {2236121},
    journal = {Dr. Dobb's Journal of Software Tools},
    keywords = {bibtex-import},
    posted-at = {2008-01-15 19:21:54},
    priority = {4},
    year = {2000}
}

@inproceedings{oren_1997_pedestrian,
    Author = {Oren, Michael and Papageorgiou, Constantine and Sinha, Pawan and Osuna, Edgar and Poggio, Tomaso},
    Booktitle = {Computer Vision and Pattern Recognition, 1997. Proceedings., 1997 IEEE Computer Society Conference on},
    Organization = {IEEE},
    Pages = {193--199},
    Title = {Pedestrian detection using wavelet templates},
    Year = {1997}
}

#P

@inproceedings{piccardi_2004_background,
    title={Background subtraction techniques: a review},
    author={Piccardi, Massimo},
    booktitle={Systems, man and cybernetics, 2004 IEEE international conference on},
    volume={4},
    pages={3099--3104},
    year={2004},
    organization={IEEE}
}

@article{platt_1998_sequential,
    Author = {Platt, John and others},
    Publisher = {technical report msr-tr-98-14, Microsoft Research},
    Title = {Sequential minimal optimization: A fast algorithm for training support vector machines},
    Year = {1998}
}

@inproceedings{power_2002_understanding,
    title={Understanding background mixture models for foreground segmentation},
    author={Power, P Wayne and Schoonees, Johann A},
    booktitle={Proceedings image and vision computing New Zealand},
    volume={2002},
    pages={10--11},
    year={2002}
}

#Q
#R

@incollection{rosten_2005_real,
    Author = {Rosten, Edward and Reitmayr, Gerhard and Drummond, Tom},
    Booktitle = {Advances in Visual Computing},
    Pages = {294--302},
    Publisher = {Springer},
    Title = {Real-time video annotations for augmented reality},
    Year = {2005}
}

#S

@inproceedings{sen_2004_robust,
    title={Robust techniques for background subtraction in urban traffic video},
    author={Sen-Ching, S Cheung and Kamath, Chandrika},
    booktitle={Electronic Imaging 2004},
    pages={881--892},
    year={2004},
    organization={International Society for Optics and Photonics}
}

@inproceedings{shi_1994_good,
    title={Good features to track},
    author={Shi, Jianbo and Tomasi, Carlo},
    booktitle={Computer Vision and Pattern Recognition, 1994. Proceedings CVPR'94., 1994 IEEE Computer Society Conference on},
    pages={593--600},
    year={1994},
    organization={IEEE}
}

#T

@book{tufte_1983_visual,
    title={The visual display of quantitative information},
    author={Tufte, Edward R and Graves-Morris, PR},
    volume={2},
    year={1983},
    publisher={Graphics press Cheshire, CT}
}

#U
#V

@article{van_2014_vibe,
    title={ViBe: A Disruptive Method for Background Subtraction},
    author={Van Droogenbroeck, Marc and Barnich, Olivier},
    journal={Background Modeling and Foreground Detection for Video Surveillance},
    year={2014},
    publisher={Chapman and Hall/CRC}
}

@article{vlachos_2006_indexing,
    title={Indexing multidimensional time-series},
    author={Vlachos, Michail and Hadjieleftheriou, Marios and Gunopulos, Dimitrios and Keogh, Eamonn},
    journal={The VLDB Journal-The International Journal on Very Large Data Bases},
    volume={15},
    number={1},
    pages={1--20},
    year={2006},
    publisher={Springer-Verlag New York, Inc.}
}

#W

@article{wang_2013_experimental,
    title={Experimental comparison of representation methods and distance measures for time series data},
    author={Wang, Xiaoyue and Mueen, Abdullah and Ding, Hui and Trajcevski, Goce and Scheuermann, Peter and Keogh, Eamonn},
    journal={Data Mining and Knowledge Discovery},
    volume={26},
    number={2},
    pages={275--309},
    year={2013},
    publisher={Springer}
}

@article{weinstein_2014_motionmeerkat,
    title={MotionMeerkat: integrating motion video detection and ecological monitoring},
    author={Weinstein, Ben G},
    journal={Methods in Ecology and Evolution},
    year={2014},
    publisher={Wiley Online Library}
}

@article{wren_1997_pfinder,
    title={Pfinder: Real-time tracking of the human body},
    author={Wren, Christopher Richard and Azarbayejani, Ali and Darrell, Trevor and Pentland, Alex Paul},
    journal={Pattern Analysis and Machine Intelligence, IEEE Transactions on},
    volume={19},
    number={7},
    pages={780--785},
    year={1997},
    publisher={IEEE}
}

#X
#Y

@inproceedings{yi_2000_fast,
    title={Fast time sequence indexing for arbitrary Lp norms},
    author={Yi, Byoung-Kee and Faloutsos, Christos},
    year={2000},
    organization={VLDB}
}

#Z

